<?xml version="1.0" encoding="UTF-8"?>
<collection xmlns="http://www.loc.gov/MARC21/slim">
 <record>
  <leader>03058cam a2200457Ia 4500</leader>
  <controlfield tag="001">7798784</controlfield>
  <controlfield tag="005">20100420144200.0</controlfield>
  <controlfield tag="006">m        d        </controlfield>
  <controlfield tag="007">cr |||||||||||</controlfield>
  <controlfield tag="008">091001m19301964iluaef  s     000 0 eng d</controlfield>
  <controlfield tag="003">OLE</controlfield>
  <datafield tag="035" ind1=" " ind2=" ">
   <subfield code="a">(OCoLC)443076275</subfield>
  </datafield>
  <datafield tag="040" ind1=" " ind2=" ">
   <subfield code="a">CGU</subfield>
   <subfield code="c">CGU</subfield>
   <subfield code="d">CGU</subfield>
   <subfield code="d">UtOrBLW</subfield>
  </datafield>
  <datafield tag="049" ind1=" " ind2=" ">
   <subfield code="a">CGUA</subfield>
  </datafield>
  <datafield tag="110" ind1="2" ind2=" ">
   <subfield code="a">University of Chicago.</subfield>
   <subfield code="b">Oriental Institute.</subfield>
   <subfield code="b">Epigraphic Survey.</subfield>
  </datafield>
  <datafield tag="245" ind1="1" ind2="0">
   <subfield code="a">Medinet Habu</subfield>
   <subfield code="h">[electronic resource] /</subfield>
   <subfield code="c">[field director, Harold Hayden Nelson].</subfield>
  </datafield>
  <datafield tag="260" ind1=" " ind2=" ">
   <subfield code="a">Chicago, Ill. :</subfield>
   <subfield code="b">University of Chicago Press,</subfield>
   <subfield code="c">1930-1964.</subfield>
  </datafield>
  <datafield tag="300" ind1=" " ind2=" ">
   <subfield code="a">1 online resource (7 v.) :</subfield>
   <subfield code="b">ill., plans, plates (part double, some col.)</subfield>
  </datafield>
  <datafield tag="440" ind1=" " ind2="0">
   <subfield code="a">University of Chicago Oriental Institute publications ;</subfield>
   <subfield code="v">v. 8-9, 23, 51, 83-84, 93</subfield>
  </datafield>
  <datafield tag="500" ind1=" " ind2=" ">
   <subfield code="a">Description based on print version record.</subfield>
  </datafield>
  <datafield tag="505" ind1="0" ind2=" ">
   <subfield code="a">1. Earlier historical records of Ramses III -- 2. Later historical records of Ramses III -- 3. The Calendar, the &quot;slaughter house,&quot; and minor records of Ramses III -- 4. Festival scenes of Ramses III -- 5. The Temple proper : pt. 1 : The portico, the treasury, and chapels adjoining the first hypostyle hall with marginal material from the forecourts -- 6. The Temple proper : pt. 2 : The Re chapel, the royal mortuary complex and adjacent rooms with miscellaneous materials from the pylons, the forecourts, and the first hypostyle hall -- 7. The Temple proper : pt. 3 : The third hypostyle hall and all rooms accessible from it with friezes of scenes from the roof terrances and exterior walls of the temple.</subfield>
  </datafield>
  <datafield tag="651" ind1=" " ind2="0">
   <subfield code="a">Medinet-Abu.</subfield>
  </datafield>
  <datafield tag="600" ind1="0" ind2="7">
   <subfield code="a">Ramses</subfield>
   <subfield code="b">III,</subfield>
   <subfield code="c">King of Egypt.</subfield>
   <subfield code="2">fast</subfield>
   <subfield code="0">http://id.worldcat.org/fast/fst00194099</subfield>
  </datafield>
  <datafield tag="650" ind1=" " ind2="7">
   <subfield code="a">Inscriptions, Egyptian.</subfield>
   <subfield code="2">fast</subfield>
   <subfield code="0">http://id.worldcat.org/fast/fst01199431</subfield>
  </datafield>
  <datafield tag="651" ind1=" " ind2="7">
   <subfield code="a">Egypt</subfield>
   <subfield code="z">Medinet Habu Site.</subfield>
   <subfield code="2">fast</subfield>
   <subfield code="0">http://id.worldcat.org/fast/fst01303423</subfield>
  </datafield>
  <datafield tag="600" ind1="0" ind2="0">
   <subfield code="a">Ramses</subfield>
   <subfield code="b">III,</subfield>
   <subfield code="c">King of Egypt.</subfield>
  </datafield>
  <datafield tag="650" ind1=" " ind2="0">
   <subfield code="a">Inscriptions, Egyptian.</subfield>
  </datafield>
  <datafield tag="700" ind1="1" ind2=" ">
   <subfield code="a">Nelson, Harold Hayden,</subfield>
   <subfield code="d">1878-1954.</subfield>
  </datafield>
  <datafield tag="776" ind1="0" ind2="8">
   <subfield code="i">Print version:</subfield>
   <subfield code="a">University of Chicago. Oriental Institute. Epigraphic Survey.</subfield>
   <subfield code="t">Medinet Habu</subfield>
   <subfield code="w">(DLC) 30022837</subfield>
   <subfield code="w">(OCoLC)05034158</subfield>
   <subfield code="w">(ICU)1942430</subfield>
  </datafield>
  <datafield tag="856" ind1="4" ind2="0">
   <subfield code="3">v.1</subfield>
   <subfield code="u">http://oi.uchicago.edu/research/pubs/catalog/oip/oip8.html</subfield>
  </datafield>
  <datafield tag="856" ind1="4" ind2="0">
   <subfield code="3">v.3</subfield>
   <subfield code="u">http://oi.uchicago.edu/research/pubs/catalog/oip/oip23.html</subfield>
  </datafield>
  <datafield tag="856" ind1="4" ind2="0">
   <subfield code="3">v.4</subfield>
   <subfield code="u">http://oi.uchicago.edu/research/pubs/catalog/oip/oip51.html</subfield>
  </datafield>
  <datafield tag="856" ind1="4" ind2="0">
   <subfield code="3">v.5</subfield>
   <subfield code="u">http://oi.uchicago.edu/research/pubs/catalog/oip/oip83.html</subfield>
  </datafield>
  <datafield tag="856" ind1="4" ind2="0">
   <subfield code="3">v.7:pt.3</subfield>
   <subfield code="u">http://oi.uchicago.edu/research/pubs/catalog/oip/oip93.html</subfield>
  </datafield>
  <datafield tag="903" ind1=" " ind2=" ">
   <subfield code="a">MARS</subfield>
  </datafield>
  <datafield tag="903" ind1=" " ind2=" ">
   <subfield code="a">UCPress</subfield>
  </datafield>
  <datafield tag="928" ind1=" " ind2=" ">
   <subfield code="u">http://oi.uchicago.edu/research/pubs/catalog/oip/oip93.html</subfield>
   <subfield code="p">v.7:pt.3</subfield>
   <subfield code="c">FullText</subfield>
   <subfield code="l">Online</subfield>
  </datafield>
  <datafield tag="928" ind1=" " ind2=" ">
   <subfield code="u">http://oi.uchicago.edu/research/pubs/catalog/oip/oip8.html</subfield>
   <subfield code="p">v.1</subfield>
   <subfield code="c">FullText</subfield>
   <subfield code="l">Online</subfield>
  </datafield>
  <datafield tag="928" ind1=" " ind2=" ">
   <subfield code="u">http://oi.uchicago.edu/research/pubs/catalog/oip/oip23.html</subfield>
   <subfield code="p">v.3</subfield>
   <subfield code="c">FullText</subfield>
   <subfield code="l">Online</subfield>
  </datafield>
  <datafield tag="928" ind1=" " ind2=" ">
   <subfield code="u">http://oi.uchicago.edu/research/pubs/catalog/oip/oip51.html</subfield>
   <subfield code="p">v.4</subfield>
   <subfield code="c">FullText</subfield>
   <subfield code="l">Online</subfield>
  </datafield>
  <datafield tag="928" ind1=" " ind2=" ">
   <subfield code="u">http://oi.uchicago.edu/research/pubs/catalog/oip/oip83.html</subfield>
   <subfield code="p">v.5</subfield>
   <subfield code="c">FullText</subfield>
   <subfield code="l">Online</subfield>
  </datafield>
 </record>
</collection>
